@misc{McMurray2015Deadball,
  author       = {McMurray, Jay},
  year         = {2015},
  month        = apr,
  title        = {Stolen Bases in the Deadball Era: A Relentless Approach},
  howpublished = {Society for American Baseball Research},
  url          = {https://sabr.org/journal/article/stolen-bases-in-the-deadball-era-a-relentless-approach/}
}

@misc{BaseballReference1950,
  author       = {{Baseball-Reference}},
  year         = {n.d.},
  title        = {Major League Baseball 1950 Season Summary},
  howpublished = {Sports Reference LLC},
  url          = {https://www.baseball-reference.com/leagues/majors/1950.shtml}
}

@misc{Vazzana2016MauryWills,
  author       = {Vazzana, Anthony},
  year         = {2016},
  month        = mar,
  title        = {Maury Wills and the Value of a Stolen Base},
  howpublished = {Society for American Baseball Research},
  url          = {https://sabr.org/journal/article/maury-wills-and-the-value-of-a-stolen-base/}
}

@misc{James2023Baserunning,
  author       = {James, Bill},
  year         = {2023},
  month        = nov,
  title        = {Bill James Handbook Excerpt: Baserunning in Its Own Self},
  howpublished = {Sports Info Solutions},
  url          = {https://www.sportsinfosolutions.com/2023/11/28/bill-james-handbook-excerpt-baserunning-in-its-own-self/}
}

@misc{Lindbergh2015Statcast,
  author       = {Lindbergh, Ben},
  year         = {2015},
  month        = apr,
  title        = {Statcast Baserunning Data and Ichiro Suzukiâ€™s Secrets},
  howpublished = {Grantland},
  url          = {https://grantland.com/the-triangle/2015-mlb-statcast-baserunning-data-ichiro-suzuki/}
}

@misc{BaseballSavantRunValueND,
  author       = {{Baseball Savant}},
  year         = {n.d.},
  title        = {Base Stealing Run Value Leaderboard},
  howpublished = {Major League Baseball Advanced Media},
  url          = {https://baseballsavant.mlb.com/leaderboard/basestealing-run-value}
}

@misc{FanGraphsRE24ND,
  author       = {{FanGraphs}},
  year         = {n.d.},
  title        = {RE24 (Run Expectancy Based on 24 Base/Out States)},
  howpublished = {FanGraphs Library},
  url          = {https://library.fangraphs.com/misc/re24/}
}

@misc{BaseballSavantRunValue2025,
  author       = {{Baseball Savant}},
  year         = {2025},
  title        = {Base Stealing Run Value Leaderboard (2025 Season)},
  howpublished = {Major League Baseball Advanced Media},
  url          = {https://baseballsavant.mlb.com/leaderboard/basestealing-run-value?game_type=Regular\&n=q\&pitch_hand=all\&runner_moved=All\&target_base=All\&prior_pk=All\&season_end=2025\&season_start=2025\&sortColumn=simple_stolen_on_running_act\&sortDirection=desc\&split=no\&team=\&type=Bat\&with_team_only=1\&expanded=0}
}

@misc{Turocy2014Theft,
  author       = {Turocy, Theodore L.},
  year         = {2014},
  title        = {The Economics of Theft: An Analysis of Base Stealing in Baseball as a Two-Player Game},
  howpublished = {Working paper},
  url          = {https://tturocy.github.io/papers/theft-20140822.pdf}
}

@article{Kagan2013StolenBasePhysics,
  author       = {Kagan, David},
  year         = {2013},
  title        = {Stolen Base Physics},
  journal      = {The Physics Teacher},
  volume       = {51},
  number       = {5},
  pages        = {269--271},
  doi          = {10.1119/1.4801365},
  url          = {https://doi.org/10.1119/1.4801365}
}

@misc{CubsvPirates2024,
    author = {{Marquee Sports Network}},
    title = {Chicago Cubs vs. Pittsburgh Pirates [TV broadcast]},
    year = {2024},
    howpublished = {Television broadcast, Marquee Sports Network, August 28, 2024}
}